<record><leader>00000cas a22000007a 4500</leader><controlfield tag="001">31690909</controlfield><controlfield tag="008">941213d18651867cauwr ne      0    0eng d</controlfield><datafield ind1=" " ind2=" " tag="010"><subfield code="a">sn 94052522 </subfield></datafield><datafield ind1=" " ind2=" " tag="040"><subfield code="a">CUY</subfield><subfield code="b">eng</subfield><subfield code="c">CNK</subfield><subfield code="d">OCLCQ</subfield><subfield code="d">OCLCF</subfield><subfield code="d">OCLCO</subfield></datafield><datafield ind1="1" ind2=" " tag="029"><subfield code="a">AU@</subfield><subfield code="b">000011432127</subfield></datafield><datafield ind1=" " ind2=" " tag="042"><subfield code="a">msc</subfield></datafield><datafield ind1=" " ind2=" " tag="043"><subfield code="a">n-us-ca</subfield></datafield><datafield ind1="0" ind2=" " tag="130"><subfield code="a">Sonora herald (Sonora, Calif. : 1865)</subfield></datafield><datafield ind1="1" ind2="4" tag="245"><subfield code="a">The Sonora herald.</subfield></datafield><datafield ind1=" " ind2=" " tag="260"><subfield code="a">Sonora, Tuloumne County, Cal. :</subfield><subfield code="b">C.W. Brunton &amp; H. Coffin</subfield></datafield><datafield ind1=" " ind2=" " tag="300"><subfield code="a">v.</subfield></datafield><datafield ind1=" " ind2=" " tag="310"><subfield code="a">Weekly</subfield></datafield><datafield ind1="0" ind2=" " tag="362"><subfield code="a">Vol. 1, no. 1 (Oct. 28, 1865)-v. 2, no. 52 (Oct. 26, 1867).</subfield></datafield><datafield ind1=" " ind2="0" tag="651"><subfield code="a">Sonora (Calif.)</subfield><subfield code="v">Newspapers.</subfield></datafield><datafield ind1=" " ind2="7" tag="655"><subfield code="a">Newspapers.</subfield><subfield code="2">fast</subfield><subfield code="0">(OCoLC)fst01423814</subfield></datafield><datafield ind1=" " ind2="7" tag="651"><subfield code="a">California</subfield><subfield code="z">Sonora.</subfield><subfield code="2">fast</subfield><subfield code="0">(OCoLC)fst01215514</subfield></datafield><datafield ind1=" " ind2=" " tag="752"><subfield code="a">United States</subfield><subfield code="b">California</subfield><subfield code="c">Tuolumne</subfield><subfield code="d">Sonora.</subfield></datafield><datafield ind1="0" ind2=" " tag="775"><subfield code="t">Daily Sonora herald</subfield><subfield code="w">(DLC)sn 96061841</subfield></datafield></record>